@misc{bbref_contracts,
  author       = {{Basketball-Reference}},
  title        = {2025--26 NBA Player Contracts},
  year         = 2025,
  url          = {https://www.basketball-reference.com/contracts/players.html},
  note         = {Accessed: 2025-09-26}
}
@misc{bbref_advanced_stats_2025,
  author       = {{Basketball-Reference}},
  title        = {2024--25 NBA Player Stats: Advanced},
  year         = 2025,
  url          = {https://www.basketball-reference.com/leagues/NBA_2025_advanced.html},
  note         = {Accessed: 2025-09-26}
}
